@article {pig,
	author = {Jennifer O'Connor},
	title = {This little piggy's on the market!},
	journal = {timesunion},
	month = {11},
	year = {2011},
	note = {http://blog.timesunion.com/highschool/this-little-piggys-on-the-market/25046},
}
@manual {lowther,
	title = {Computer Engineering},
	author = {David Allister Lowther},
	organization = {McGill University},
	year = {2016},
}
